@article{gargano2004,
  title = "Spanning spiders and light-splitting switches",
  journal = "Discrete Mathematics",
  volume = "285",
  number = "1",
  pages = "83 - 95",
  year = "2004",
  note = "",
  issn = "0012-365X",
  doi = "http://dx.doi.org/10.1016/j.disc.2004.04.005",
  url = "http://www.sciencedirect.com/science/article/pii/S0012365X04002055",
  author = "Luisa Gargano and Mikael Hammar and Pavol Hell and Ladislav Stacho and Ugo Vaccaro",
  keywords = "Spanning tree",
  keywords = "Branch vertex",
  keywords = "Hamilton path"
}

@Inbook{gargano2002,
  author="Gargano, Luisa
    and Hell, Pavol
    and Stacho, Ladislav
    and Vaccaro, Ugo",
  editor="Widmayer, Peter
    and Eidenbenz, Stephan
    and Triguero, Francisco
    and Morales, Rafael
    and Conejo, Ricardo
    and Hennessy, Matthew",
  title="Spanning Trees with Bounded Number of Branch Vertices",
  bookTitle="Automata, Languages and Programming: 29th International Colloquium, ICALP 2002 M{\'a}laga, Spain, July 8--13, 2002 Proceedings",
  year="2002",
  publisher="Springer Berlin Heidelberg",
  address="Berlin, Heidelberg",
  pages="355--365",
  abstract="We introduce the following combinatorial optimization problem: Given a connected graph G, find a spanning tree T of G with the smallest number of branch vertices (vertices of degree 3 or more in T). The problem is motivated by new technologies in the realm of optical networks. We investigate algorithmic and combinatorial aspects of the problem.",
  isbn="978-3-540-45465-6",
  doi="10.1007/3-540-45465-9_31",
  url="https://doi.org/10.1007/3-540-45465-9_31"
}

@article{flandrin2008,
  title = "Neighborhood unions and extremal spanning trees",
  journal = "Discrete Mathematics",
  volume = "308",
  number = "12",
  pages = "2343 - 2350",
  year = "2008",
  note = "",
  issn = "0012-365X",
  doi = "http://dx.doi.org/10.1016/j.disc.2007.04.071",
  url = "http://www.sciencedirect.com/science/article/pii/S0012365X0700324X",
  author = "Evelyne Flandrin and Tomáš Kaiser and Roman Kužel and Hao Li and Zdeněk Ryjáček",
  keywords = "Spanning spider",
  keywords = "Spanning tree",
  keywords = "Neighborhood union",
  keywords = "Hamilton path",
  keywords = "Traceable graph"
}

@phdthesis{salamon2010,
  author = {Gábor Salamon},
  title = {Degree-based spanning tree optimization},
  school = {Budapest University of Technology and Economics},
  year = 2010,
}

@article{chimani2015,
  author="Chimani, Markus
    and Spoerhase, Joachim",
  title="Approximating Spanning Trees with Few Branches",
  journal="Theory of Computing Systems",
  year="2015",
  month="Jan",
  day="01",
  volume="56",
  number="1",
  pages="181--196",
  abstract="Given an undirected, connected graph, the aim of the minimum branch-node spanning tree problem is to find a spanning tree with the minimum number of nodes of degree larger than 2. The problem is motivated by network design problems where junctions are significantly more expensive than simple end- or through-nodes, and are thus to be avoided. Unfortunately, it is NP-hard to recognize instances that admit an objective value of zero, rendering the search for guaranteed approximation ratios futile.",
  issn="1433-0490",
  doi="10.1007/s00224-014-9556-6",
  url="https://doi.org/10.1007/s00224-014-9556-6"
}

@article{melo2016,
  author="Melo, Rafael A.
    and Samer, Phillippe
    and Urrutia, Sebasti{\'a}n",
  title="An effective decomposition approach and heuristics to generate spanning trees with a small number of branch vertices",
  journal="Computational Optimization and Applications",
  year="2016",
  month="Dec",
  day="01",
  volume="65",
  number="3",
  pages="821--844",
  issn="1573-2894",
  doi="10.1007/s10589-016-9850-0",
  url="https://doi.org/10.1007/s10589-016-9850-0"
}

@article{cerulli2009,
  author="Cerulli, R.
    and Gentili, M.
    and Iossa, A.",
  title="Bounded-degree spanning tree problems: models and new algorithms",
  journal="Computational Optimization and Applications",
  year="2009",
  month="Apr",
  day="01",
  volume="42",
  number="3",
  pages="353--370",
  abstract="Given a connected graph G, a vertex v of G is said to be a branch vertex if its degree is greater than 2. We consider two problems arising in the context of optical networks:",
  issn="1573-2894",
  doi="10.1007/s10589-007-9120-2",
  url="https://doi.org/10.1007/s10589-007-9120-2"
}

@article{cerrone2014,
  title = "Relations, models and a memetic approach for three degree-dependent spanning tree problems",
  journal = "European Journal of Operational Research",
  volume = "232",
  number = "3",
  pages = "442 - 453",
  year = "2014",
  note = "",
  issn = "0377-2217",
  doi = "http://dx.doi.org/10.1016/j.ejor.2013.07.029",
  url = "http://www.sciencedirect.com/science/article/pii/S0377221713006103",
  author = "C. Cerrone and R. Cerulli and A. Raiconi",
  keywords = "Combinatorial optimization",
  keywords = "Memetic algorithms",
  keywords = "Spanning trees",
  keywords = "Optical networks"
}

@article{marin2015,
  title = "Exact and heuristic solutions for the Minimum Number of Branch Vertices Spanning Tree Problem",
  journal = "European Journal of Operational Research",
  volume = "245",
  number = "3",
  pages = "680 - 689",
  year = "2015",
  note = "",
  issn = "0377-2217",
  doi = "http://dx.doi.org/10.1016/j.ejor.2015.04.011",
  url = "http://www.sciencedirect.com/science/article/pii/S0377221715002830",
  author = "Alfredo Marín",
  keywords = "Integer programming",
  keywords = "Spanning tree",
  keywords = "Branch vertices"
}

@article{silvestri2017,
  title = "A branch-and-cut algorithm for the minimum branch vertices spanning tree problem",
  journal = "Computers \& Operations Research",
  volume = "81",
  number = "",
  pages = "322 - 332",
  year = "2017",
  note = "",
  issn = "0305-0548",
  doi = "http://dx.doi.org/10.1016/j.cor.2016.11.010",
  url = "http://www.sciencedirect.com/science/article/pii/S0305054816302726",
  author = "Selene Silvestri and Gilbert Laporte and Raffaele Cerulli",
  keywords = "Spanning tree",
  keywords = "Branch vertices",
  keywords = "Branch-and-cut"
}

@inproceedings{furer1992,
  author = {F\"{u}rer, Martin and Raghavachari, Balaji},
  title = {Approximating the Minimum Degree Spanning Tree to Within One from the Optimal Degree},
  booktitle = {Proceedings of the Third Annual ACM-SIAM Symposium on Discrete Algorithms},
  series = {SODA '92},
  year = {1992},
  isbn = {0-89791-466-X},
  location = {Orlando, Florida, USA},
  pages = {317--324},
  numpages = {8},
  url = {http://dl.acm.org/citation.cfm?id=139404.139469},
  acmid = {139469},
  publisher = {Society for Industrial and Applied Mathematics},
  address = {Philadelphia, PA, USA},
} 
